%% https://de.wikipedia.org/wiki/BibTeX
%%Literatur-------------------------------------------------------------------------------------------------------



@article{ttelectronics,
	author = {TT Electronics},
	title = {Advanced technology assists thrust vector control},
	url = {https://blog.ttelectronics.com/thrust-vector-control},
	urldate = {2022-05-31}
}

@book{Stevens.2003,
	author = {Stevens, B. },
	year = {2003},
	title = {Encyclopedia of Physical Science and Technology (Third Edition)},
	publisher = {{Elsevier Science}},
	isbn = {978-0-12-227410-7},
	url = {https://www.sciencedirect.com/topics/physics-and-astronomy/thrust-vector-control},
	urldate = {2022-05-31}
}

@book{analog_design_essentials,
	author = {Sansen, Willy M. C.},
	title = {Analog Design Essentials (The International Series in Engineering and Computer Science)},
	year = {2006},
	isbn = {0387257462},
	publisher = {Springer-Verlag},
	address = {Berlin, Heidelberg}
}

@manual{xfab:PDS_035_03,
	organization  = "X-FAB Global Services GmbH",
	title         = "Process and Device Specification XH035 - 0.35 $\mu$m Modular CMOS",
	number        = "PDS\_035\_03",
	year          =  2021,
	month         =  7,    
	note          = "Release 6.6.3"
}

@manual{xfab:Basic_ESD_Design_Guidelines,
	organization  = "X-FAB Semiconductor Foundries",
	title         = "Basic ESD Design Guidelines",
	number        = "Revision: 003",
	year          =  2005,
	month         =  12
}

@manual{xfab:io_library_manual,
	organization  = "X-FAB Global Services GmbH",
	title         = "XH035 IO Library Manual",
	number        = "Revision: V10.2.0",
	year          =  2020,
	month         =  9
}
@manual{xfab:spice_models_and_simulations,
	organization  = "X-FAB Global Services GmbH",
	title         = "SPICE Models and Simulations",
	number        = "Release: 2.0.1",
	year          =  2021,
	month         =  5,
	address = {Erfurt}
}

@manual{cactus:range,
	organization  = "Cactus Technologies Limited",
	title         = "Commercial and Industrial-Grade Products",
	number        = "CTWP011",
	url = {https://www.cactus-tech.com/wp-content/uploads/2019/03/Commercial-and-Industrial-Grade-Products.pdf},
	urldate = {2022-11-31}
}

@misc{X-FAB,
	author = {{X-FAB Silicon Foundries SE}},
	title = {X-FAB},
	url = {https://www.xfab.com/},
	urldate = {2022-07-10}
}

@misc{flake8,
	author = {{packetcoders}},
	title = {Automating Python Code Quailty flake8},
	url = {https://www.packetcoders.io/flake8/},
	urldate = {2024-04-11}
}

@misc{JIRA_WEBPAGE,
	author = {{Atlassian}},
	title = {Jira Software},
	url = {https://www.atlassian.com/de/software/jira},
	urldate = {2022-07-10}
}

@misc{TIKZ_TIMING,
	author = {{Li–Pro.Net}},
	title = {TikZ-Timing},
	url = {https://lpn-doc-sphinx-primer-devel.readthedocs.io/extensions/tikz/tikztiming.html},
	urldate = {2022-07-10}
}

@misc{Wikipedia:Python,
	author = "{Wikipedia contributors}",
	title = "Python (programming language) --- {Wikipedia}{,} The Free Encyclopedia",
	year = "2024",
	url = "https://en.wikipedia.org/w/index.php?title=Python_(programming_language)&oldid=1218166263",
	note = "[Online; accessed 11-April-2024]",
	urldate = {2024-04-11}
}

@misc{Wikipedia:Pylint,
	author = "{Wikipedia contributors}",
	title = "Pylint --- {Wikipedia}{,} The Free Encyclopedia",
	year = "2023",
	url = "https://en.wikipedia.org/w/index.php?title=Pylint&oldid=1191495734",
	note = "[Online; accessed 11-April-2024]",
	urldate = {2024-04-11}
}
}

@misc{Wikipedia:JIRA,
	author = "{Wikipedia contributors}",
	title = "Jira (software) --- {Wikipedia}{,} The Free Encyclopedia",
	year = "2022",
	url = "https://en.wikipedia.org/w/index.php?title=Jira_(software)&oldid=1114234274",
	note = "[Online; accessed 7-October-2022]",
	urldate = {2022-07-10}
}

@misc{Oxford_dict:bootstrap,
	author = "{Oxford English Dictionary}",
	title = "bootstrap, v.",
	year = "2022",
	url = "https://www.oed.com/view/Entry/21553?result=2&rskey=X9RAOY&",
	note = "[Online; accessed 7-October-2022]",
	urldate = {2022-07-10}
}

@misc{Wikipedia:SPI,
	author = "{Wikipedia contributors}",
	title = "Serial Peripheral Interface --- {Wikipedia}{,} The Free Encyclopedia",
	year = "2022",
	url = "https://en.wikipedia.org/w/index.php?title=Serial_Peripheral_Interface&oldid=1112714519",
	note = "[Online; accessed 21-October-2022]"
}

@misc{Wikipedia:Snapback,
	author = "{Wikipedia contributors}",
	title = "Snapback (electrical) --- {Wikipedia}{,} The Free Encyclopedia",
	year = "2019",
	url = "https://en.wikipedia.org/w/index.php?title=Snapback_(electrical)&oldid=913562816",
	note = "[Online; accessed 28-October-2022]"
}

@misc{ Wikipedia:BJT,
	author = "{Wikipedia contributors}",
	title = "Bipolar junction transistor --- {Wikipedia}{,} The Free Encyclopedia",
	year = "2022",
	url = "https://en.wikipedia.org/w/index.php?title=Bipolar_junction_transistor&oldid=1115672915",
	note = "[Online; accessed 28-October-2022]"
}

@misc{Wikipedia:Thyristor,
	author = "{Wikipedia contributors}",
	title = "Thyristor --- {Wikipedia}{,} The Free Encyclopedia",
	year = "2022",
	url = "https://en.wikipedia.org/w/index.php?title=Thyristor&oldid=1104215440",
	note = "[Online; accessed 28-October-2022]"
}

@misc{Wikipedia:FOUNDRY_MODEL,
	author = "{Wikipedia contributors}",
	title = "Foundry model --- {Wikipedia}{,} The Free Encyclopedia",
	year = "2022",
	url = "https://en.wikipedia.org/w/index.php?title=Foundry_model&oldid=1099806912",
	note = "[Online; accessed 7-October-2022]"
}

@misc{ Wikipedia:Latch-up,
	author = "{Wikipedia contributors}",
	title = "Latch-up --- {Wikipedia}{,} The Free Encyclopedia",
	year = "2021",
	url = "https://en.wikipedia.org/w/index.php?title=Latch-up&oldid=1034960002",
	note = "[Online; accessed 4-November-2022]"
}

@misc{TI:slyt411,
	author = "{John Betten}",
	title = "{Benefits of a coupled-inductor SEPIC converter}",
	year = "2011",
	url = "{https://www.ti.com/lit/an/slyt411/slyt411.pdf}",
	note = "[Online; accessed 3-November-2022]"
}

@misc{analog_devices_usb_charging,
	author = "{Analog Devices}",
	title = "{USB Battery Charging Guide}",
	year = "-",
	url = "{https://www.analog.com/en/technical-articles/usb-battery-charging-guide.html}",
	note = "[Online; accessed 3-Mai-2023]"
}

@misc{electronicsmind:SEPIC,
	author = "{Brian King}",
	title = "{What is SEPIC Converter? - Circuit Design, Operation  Advantages}",
	year = "2022",
	url = "{https://www.electronicsmind.com/what-is-sepic-converter}",
	note = "[Online; accessed 3-November-2022]"
}

@misc{powersystemdesign:SEPIC,
	author = "{Brian King}",
	title = "{SEPIC Converter Design}",
	year = "2010",
	url = "{https://www.powersystemsdesign.com/articles/sepic-converter-design/22/4215}",
	note = "[Online; accessed 3-November-2022]"
}

@misc{Latex:Mosfet,
	author = "{Wesley T. Honeycutt}",
	title = "{LaTeX: Drawing MOSFET in TikZ – Labels and Animation}",
	year = "2022",
	url = "{http://wesleythoneycutt.com/latex-mosfet-tikz-labels-animation/}",
	note = "[Online; accessed 3-November-2022]"
}

@book{Barr:2006,
	author = {Barr, Keith},
	year = {2006},
	title = {ASIC Design in the Silicon Sandbox},
	publisher = {McGraw Hill},
	isbn = {978-0071481618}
}

@online{youtube:bias,
	title = {133N Process, Supply, and Temperature Independent Biasing},
	date = {2019},
	organization = {Youtube},
	author = {Ali Hajimiri},
	url = {https://youtu.be/rZ8WBV8OYMI}
}

@book{Kazimierczuk:2022,
	author = "{Marian K. Kazimierczuk, Dalvir K. Saini, Agasthya Ayachit}",
	year = {2022},
	title = {Average Current-Mode Control of DC-DC Power Converters},
	publisher = "{John Wiley and Sons Ltd}",
	isbn = {9781119525561}
}
@online{surf-vhdl:spi,
	title = {SPI Slave VHDL design},
	date = {2021},
	organization = {surf-vhdl},
	url = {https://surf-vhdl.com/spi-slave-vhdl-design/}
}

@manual{SenseFETpaper,
  author={Jiang, Yongjie and Swilam, Muhammad and Asar, Sita and Fayed, Ayman},
  booktitle={2018 IEEE International Symposium on Circuits and Systems (ISCAS)}, 
  title={An Accurate Sense-FET-based Inductor Current Sensor with Wide Sensing Range for Buck Converters}, 
  year={2018},
  volume={},
  number={},
  pages={1-4},
  doi={10.1109/ISCAS.2018.8351083}
}

@book{SingleSupplyLevelShifter,
  author={Khan, Q.A. and Wadhwa, S.K. and Misri, K.},
  booktitle={19th International Conference on VLSI Design held jointly with 5th International Conference on Embedded Systems Design (VLSID'06)}, 
  title={A single supply level shifter for multi-voltage systems}, 
  year={2006},
  volume={},
  number={},
  pages={4 pp.-},
  doi={10.1109/VLSID.2006.24}
}

@manual{SlopeCompensationPaper,
  author={Yonggui Hu and Yafeng Wei and Jianan Wang and Maomao Sun},
  booktitle={2016 13th IEEE International Conference on Solid-State and Integrated Circuit Technology (ICSICT)}, 
  title={Design of slope compensation for a high-efficiency high-current DC-DC converter}, 
  year={2016},
  volume={},
  number={},
  pages={1306-1308},
  doi={10.1109/ICSICT.2016.7998722}
  }

@book{analog_circuit_design,
	author = {Dobkin, Bob and Williams, Jim},
	title = {Analog Circuit Design},
	year = {2011},
	isbn = {978-0-12-385185-7},
	publisher = {Newnes}
}

@manual{slua101,
	organization  = "Texas Instruments",
	title         = "MODELLING, ANALYSIS AND COMPENSATION OF THE CURRENT-MODE CONVERTER",
	url = {https://www.ti.com/lit/an/slua101/slua101.pdf},
	urldate = {2023-07-13}
}

@manual{slyt584,
	organization  = "Texas Instruments",
	title         = "Design tips for an efficient non-inverting buck-boost converter",
	url = {https://www.ti.com/lit/an/slyt584/slyt584.pdf},
	urldate = {2023-07-13}
}

@manual{sprabe7a,
	organization  = "Texas Instruments",
	title         = "Digital Peak Current Mode Control With Slope Compensation Using the TMS320F2803x",
	url = {https://www.ti.com/lit/an/sprabe7a/sprabe7a.pdf},
	urldate = {2023-07-13}
}

@manual{snva555,
	organization  = "Texas Instruments",
	title         = "Understanding and Applying Current-Mode Control Theory",
	url = {https://www.ti.com/lit/an/snva555/snva555.pdf},
	urldate = {2023-02-26}
}

@manual{lm5175,
	organization  = "Texas Instruments",
	title         = "LM5175 42-V Wide VIN Synchronous 4-Switch Buck-Boost Controller",
	url = {https://www.ti.com/lit/ds/symlink/lm5175.pdf},
	urldate = {2023-02-26},
}

@manual{snva604,
	organization  = "Texas Instruments",
	title         = "Improve Power Converter Reliability Using Hiccup-Mode Current Limiting",
	url = {https://www.ti.com/lit/an/snva604/snva604.pdf},
	urldate = {2023-07-12},
}

@manual{tps63900,
	organization  = "Texas Instruments",
	title         = "TPS63900 1.8-V to 5.5-V, 75-nA IQ Buck-boost Converter with Input Current Limit and
DVS",
	url = {https://www.ti.com/lit/ds/symlink/tps63900.pdf},
	urldate = {2024-07-05},
}


@misc{PCB_schematic,
  author = {Patrick Jansky},
  title = {ASIC-PCBs},
  year = {2024},
  publisher = {GitHub},
  journal = {GitHub repository},
  howpublished = {\url{https://github.com/PJansky/ASIC-PCBs}}
}


